<?xml version="1.0" encoding="UTF-8"?><collection xmlns="http://www.loc.gov/MARC21/slim"><record><leader>00492nam--2200169-i-4500</leader><controlfield tag="001">000029757</controlfield><controlfield tag="002">20161230</controlfield><controlfield tag="005">20161230201037</controlfield><controlfield tag="008">060222s1000------------r-----000-0-eng-d</controlfield><datafield ind1="1" ind2=" " tag="100"><subfield code="a">Smythe, R.T</subfield></datafield><datafield ind1="1" ind2="0" tag="245"><subfield code="a">First-passage percolation on the square lattice</subfield><subfield code="c">R.T. Smyte ; John C. Wierman</subfield></datafield><datafield ind1=" " ind2=" " tag="260"><subfield code="a">Berlin, Springer-verlag, 1978</subfield></datafield><datafield ind1=" " ind2=" " tag="300"><subfield code="a">196 p</subfield></datafield><datafield ind1=" " ind2=" " tag="490"><subfield code="a">Lecture Notes In Mathematics</subfield><subfield code="v">Vol. 671</subfield></datafield><datafield ind1=" " ind2="1" tag="700"><subfield code="a">Wierman John C</subfield></datafield><datafield ind1=" " ind2=" " tag="852"><subfield code="a">46886</subfield><subfield code="c">519.2</subfield></datafield><datafield ind1=" " ind2=" " tag="CAT"><subfield code="a">Sys</subfield><subfield code="c">20100604</subfield><subfield code="h">131157</subfield></datafield></record></collection>